<?xml version="1.0" encoding="UTF-8"?><record xmlns="http://www.loc.gov/MARC21/slim" xmlns:cinclude="http://apache.org/cocoon/include/1.0" xmlns:zs="http://www.loc.gov/zing/srw/">
  <leader>00633cz  a2200145n  4500</leader>
  <controlfield tag="001">n  95063343 </controlfield>
  <controlfield tag="003">DLC</controlfield>
  <controlfield tag="005">20090920074918.0</controlfield>
  <controlfield tag="008">950627n| acannaabn          |a aaa      </controlfield>
  <datafield tag="010" ind1=" " ind2=" ">
    <subfield code="a">n  95063343 </subfield>
  </datafield>
  <datafield tag="035" ind1=" " ind2=" ">
    <subfield code="a">(OCoLC)oca03866208</subfield>
  </datafield>
  <datafield tag="040" ind1=" " ind2=" ">
    <subfield code="a">DLC</subfield>
    <subfield code="b">eng</subfield>
    <subfield code="c">DLC</subfield>
    <subfield code="d">OrU</subfield>
  </datafield>
  <datafield tag="100" ind1="1" ind2=" ">
    <subfield code="a">Fonvizin, D. I.</subfield>
    <subfield code="q">(Denis Ivanovich),</subfield>
    <subfield code="d">1745-1792.</subfield>
    <subfield code="t">Works.</subfield>
    <subfield code="f">1888</subfield>
  </datafield>
  <datafield tag="400" ind1="1" ind2=" ">
    <subfield code="a">Fonvizin, D. I.</subfield>
    <subfield code="q">(Denis Ivanovich),</subfield>
    <subfield code="d">1745-1792.</subfield>
    <subfield code="t">Pervoe polnoe sobranīe sochinenīĭ D.I. Fon-Vizina, kak originalʹnykh, tak i perevodnykh, 1761-1792.</subfield>
    <subfield code="f">1888</subfield>
  </datafield>
  <datafield tag="670" ind1=" " ind2=" ">
    <subfield code="a">Pervoe polnoe sobranīe sochinenīĭ D.I. Fon-Vizina, kak originalʹnykh, tak i perevodnykh, 1761-1792, 1888.</subfield>
  </datafield>
</record>